<?xml version="1.0" encoding="UTF-8"?><collection xmlns="http://www.loc.gov/MARC21/slim"><record><leader>00315nam--2200121-i-4500</leader><controlfield tag="001">000029076</controlfield><controlfield tag="002">20161230</controlfield><controlfield tag="005">20161230201037</controlfield><controlfield tag="008">060222s1000------------r-----000-0-eng-d</controlfield><datafield ind1=" " ind2=" " tag="100"><subfield code="a">Levin, A.N., Petrov, G.S</subfield></datafield><datafield ind1=" " ind2=" " tag="245"><subfield code="a">Rasini termoreactive. trad.din l.rusa</subfield></datafield><datafield ind1=" " ind2=" " tag="260"><subfield code="a">Bucuresti, Ed.Tehnica, 1962, 350p</subfield></datafield><datafield ind1=" " ind2=" " tag="852"><subfield code="a">8056</subfield></datafield></record></collection>